@article{Kurka1997Mar,
	author = {K{\ifmmode\mathring{u}\else\r{u}\fi}rka, Petr},
	title = {{On topological dynamics of Turing machines}},
	journal = {Theoretical Computer Science},
	volume = {174},
	number = {1},
	pages = {203--216},
	year = {1997},
	month = {Mar},
	issn = {0304-3975},
	publisher = {Elsevier},
	doi = {10.1016/S0304-3975(96)00025-4},
        annotate={Example annotation}
}

@article{Delvenne2004Apr,
	author = {Delvenne, Jean-Charles and Kurka, Petr and Blondel, Vincent},
	title = {{Decidability and Universality in Symbolic Dynamical Systems}},
	journal = {arXiv},
	year = {2004},
	month = {Apr},
	eprint = {cs/0404021},
	url = {https://arxiv.org/abs/cs/0404021}
}

@article{Koiran1994Sep,
	author = {Koiran, Pascal and Cosnard, Michel and Garzon, Max},
	title = {{Computability with low-dimensional dynamical systems}},
	journal = {Theoretical Computer Science},
	volume = {132},
	number = {1},
	pages = {113--128},
	year = {1994},
	month = {Sep},
	issn = {0304-3975},
	publisher = {Elsevier},
	doi = {10.1016/0304-3975(94)90229-1}
}

@article{Benci2002Oct,
	author = {Benci, V. and Bonanno, C. and Galatolo, S. and Menconi, G. and Virgilio, M.},
	title = {{Dynamical systems and computable information}},
	journal = {arXiv},
	year = {2002},
	month = {Oct},
	eprint = {cond-mat/0210654},
	url = {https://arxiv.org/abs/cond-mat/0210654}
}

@article{Tucker2005Jan,
	author = {Tucker, J. V. and Zucker, J. I.},
	title = {{Computable total functions on metric algebras, universal algebraic specifications and dynamical systems}},
	journal = {Journal of Logic and Algebraic Programming},
	volume = {62},
	number = {1},
	pages = {71--108},
	year = {2005},
	month = {Jan},
	issn = {1567-8326},
	publisher = {North-Holland},
	doi = {10.1016/j.jlap.2003.10.001}
}

@article{Siegelmann1998Sep,
	author = {Siegelmann, Hava T. and Fishman, Shmuel},
	title = {{Analog computation with dynamical systems}},
	journal = {Physica D},
	volume = {120},
	number = {1},
	pages = {214--235},
	year = {1998},
	month = {Sep},
	issn = {0167-2789},
	publisher = {North-Holland},
	doi = {10.1016/S0167-2789(98)00057-8}
}
